<record>
<leader>07302ntm a2200589 a 4500</leader>
<controlfield tag="001">006806667</controlfield>
<controlfield tag="003">MiAaHDL</controlfield>
<controlfield tag="005">20190802000000.0</controlfield>
<controlfield tag="006">m d </controlfield>
<controlfield tag="007">cr bn ---auaua</controlfield>
<controlfield tag="008">090603q17211722tu 0|| | ara </controlfield>
<datafield tag="035" ind1=" " ind2=" ">
<subfield code="a">(MiU)006806667</subfield>
</datafield>
<datafield tag="035" ind1=" " ind2=" ">
<subfield code="a">sdr-miu006806667</subfield>
</datafield>
<datafield tag="040" ind1=" " ind2=" ">
<subfield code="a">MiU</subfield>
<subfield code="c">MiU</subfield>
<subfield code="e">amremm</subfield>
</datafield>
<datafield tag="043" ind1=" " ind2=" ">
<subfield code="a">n-us-mi</subfield>
</datafield>
<datafield tag="100" ind1="1" ind2=" ">
<subfield code="6">880-01</subfield>
<subfield code="a">Rūmī, Aḥmad ibn ʻAbd al-Qādir,</subfield>
<subfield code="d">-1631.</subfield>
</datafield>
<datafield tag="245" ind1="1" ind2="0">
<subfield code="6">880-03</subfield>
<subfield code="a">Majālis al-abrār wa-masālik al-akhyār wa-maḥāʼiq al-bidaʻ wa-maqāmiʻ al-ashrār,</subfield>
<subfield code="f">[1135, i.e. 1721 or 1722].</subfield>
</datafield>
<datafield tag="246" ind1="3" ind2=" ">
<subfield code="i">Title from inscription on upper board lining:</subfield>
<subfield code="a">مجالس الاسرار</subfield>
</datafield>
<datafield tag="260" ind1=" " ind2=" ">
<subfield code="a">[Tokat,</subfield>
<subfield code="c">1721 or 1722].</subfield>
</datafield>
<datafield tag="300" ind1=" " ind2=" ">
<subfield code="a">325 leaves :</subfield>
<subfield code="b">paper ;</subfield>
<subfield code="c">215 x 167 (153-155 x 81-111) mm.</subfield>
</datafield>
<datafield tag="500" ind1=" " ind2=" ">
<subfield code="a">Shelfmark: Ann Arbor, University of Michigan, Special Collections Library, Isl. Ms. 481</subfield>
</datafield>
<datafield tag="500" ind1=" " ind2=" ">
<subfield code="a">Origin: As appears in colophon on p.642, copied by ʻUmar ibn al-Ḥājjī Muḥammad with transcription completed in 1134 [1721 or 2] in Tokat, Medrese-yi Pervân Bey.</subfield>
</datafield>
<datafield tag="500" ind1=" " ind2=" ">
<subfield code="a">Accompanying materials: a. Inventory cataloguing slip in hand of Winifred Smeaton Thomas -- b. Acquisitions slip from Yahuda -- c. Insert with glosses (paginated pp.51-52) -- d. Insert with magic square and discussion (paginated pp.253-254) -- e. Insert with notes (paginated pp.353-354).</subfield>
</datafield>
<datafield tag="500" ind1=" " ind2=" ">
<subfield code="a">Former shelfmark: From inner front cover, "IL 315a" (likely supplied by Yahuda, see acquisitions slip).</subfield>
</datafield>
<datafield tag="500" ind1=" " ind2=" ">
<subfield code="a">Binding: Pasteboards now covered in shell marbled paper (mainly in blue, orange and pink) with black leather over spine and traces of brown leather at board edges (mainly lower cover) and fore edge flap ; Type II binding (with flap) ; upper board lining in untinted laid paper, lower board lining in pink-tinted paper ; traces of stamped mandorla in lower board (beneath paper) ; sewn in beige [?] thread, four stations ; worked chevron endbands in pink, light yellow and light blue, tailband in good condition, only pink and light blue threads with exposed core remain of headband ; overall in poor condition with significant staining and abrasion, lifting and losses of paper and leather, delamination and splitting of boards, etc.</subfield>
</datafield>
<datafield tag="500" ind1=" " ind2=" ">
<subfield code="a">Support: European laid paper of several types ; opening type with 7 laid lines per cm. (vertical), chain lines spaced 28 mm. apart (horizontal), and crown with some motif above watermark (see p.6, 12, etc.), well-burnished to glossy, thin and fairly transluscent though sturdy ; another type with 11-12 laid lines per cm. (vertical), chain lines spaced 24 mm. apart (horizontal), three hats watermark (see p.44, etc.) and "V d" under trefoil countermark (see p.44) ; another type with 10 laid lines per cm. (vertical), chain lines spaced 22-25 mm. apart (horizontal), and coat of arms with cross flanked by lions above circles watermark ( see p.246, 250, etc.) ; another type with 9-10 laid lines per cm. (vertical), chain lines spaced 22-24 mm. apart (horizontal), and circles ("E C" [?] in mid) with crescent and cross above (see p.286, 292, etc.) ; still another type with 13 laid lines per cm. (vertical), chain lines spaced 19-22 mm. apart (horizontal), name in cartouche with crown and grapes (raisin) watermark (see p.390, 391, etc.).</subfield>
</datafield>
<datafield tag="500" ind1=" " ind2=" ">
<subfield code="a">Decoration: Keywords, section headings and some abbreviation symbols rubricated ; overlining in red ink ; written area of pp.25-30, 39-43, and 55 surrounded by red rule-border.</subfield>
</datafield>
<datafield tag="500" ind1=" " ind2=" ">
<subfield code="a">Script: Naskh ; at least two clear Turkish hands ; opening hand (through p.318) rather cramped, partially but irregularly seriffed with rightward blob serifs on some ascenders, marked effect of tilt to the left, curvlinear descenders, occasional effect of words descending to baseline or of superscripting, pointing in strokes or conjoined dots rather than distinct dots ; from about p.299 to close, another fine Turkish hand, less cramped, partially though irregularly seriffed with effect of tilt to the left, elongation of horizontal strokes, curvlinear descenders, some free assimilation of letters.</subfield>
</datafield>
<datafield tag="500" ind1=" " ind2=" ">
<subfield code="a">Layout: Written in 23 (opening through p.318) and 19 (p.319 to close) lines per page.</subfield>
</datafield>
<datafield tag="500" ind1=" " ind2=" ">
<subfield code="a">Collation: V-1 (9), 19 V(199), V+1 (210), 11 V(320), II+1 (325) ; chiefly quinions ; catchwords present ; foliation in red and blue ink, Hindu-Arabic numerals ; pagination in pencil, Western numerals, supplied during digitization (includes inserts carrying notes, skips two pages each between pp.45-46 and pp.247-248, and drops ten pages following p.545 with p.536).</subfield>
</datafield>
<datafield tag="500" ind1=" " ind2=" ">
<subfield code="a">Colophon: "Scribal," triangular, reads "قد وقع الفراغ من تسويد هذه النسخة في وقت بعد العصر من يوم السبت في يد عمر ابن الحاجي محمد غفر الله له ولي والدي [كذا] واحسن اليهما في بلد طوقات مدرسۀ پروان بك ١١٣٤"</subfield>
</datafield>
<datafield tag="500" ind1=" " ind2=" ">
<subfield code="a">Explicit: "اذ قال الفقهاء يجب على الرجل نفقة زوجته الى اخر المجلس والله تعالى اعلم بالصواب واليه المرجع والمآب الحمد لله على التمام م"</subfield>
</datafield>
<datafield tag="500" ind1=" " ind2=" ">
<subfield code="a">Incipit: "مجالس الابرار ومسالك الاخيار ومحائق البدع ومقامع الاسفرار [الاشرار] ورتبته على مائة مجلس المجلس الاول في تمثيل من يذكر ربه ولم يذكر بالحق والميت وفي بيان معرفة ذكر الله تعالى ..."</subfield>
</datafield>
<datafield tag="500" ind1=" " ind2=" ">
<subfield code="a">Title from opening on p.1.</subfield>
</datafield>
<datafield tag="500" ind1=" " ind2=" ">
<subfield code="a">Ms. codex.</subfield>
</datafield>
<datafield tag="510" ind1="4" ind2=" ">
<subfield code="a">Ḥājjī Khalīfah. Kashf al-ẓunūn,</subfield>
<subfield code="c">v 380</subfield>
</datafield>
<datafield tag="510" ind1="4" ind2=" ">
<subfield code="a">Brockelmann, C. GAL,</subfield>
<subfield code="c">I 364 (6/1. Cmtre f)</subfield>
</datafield>
<datafield tag="520" ind1="8" ind2=" ">
<subfield code="a">Fine though acephalous copy of Aḥmad ibn ʻAbd al-Qādir al-Aqḥiṣārī's (d.1631) commentary in 100 majālis or sessions on 100 traditions from Maṣābīḥ al-sunnah, the ḥadīth collection compiled from various sources and arranged by subject and degree of authority by al-Ḥusayn ibn Masʻūd al-Baghawī (d.1117?). Opens directly with title and contents listing, then the first majlis.</subfield>
</datafield>
<datafield tag="538" ind1=" " ind2=" ">
<subfield code="a">Mode of access: Internet.</subfield>
</datafield>
<datafield tag="541" ind1=" " ind2=" ">
<subfield code="a">Acquired in 1926 from the bookseller Isaac Benjamin S.E. Yahuda via purchase transacted on his behalf by Abraham Shalom Yahuda (1877-1951), his younger brother.</subfield>
</datafield>
<datafield tag="546" ind1=" " ind2=" ">
<subfield code="a">Arabic.</subfield>
</datafield>
<datafield tag="561" ind1=" " ind2=" ">
<subfield code="a">Occasional marginal corrections, glosses, notabilia (side-heads) and collation marks.</subfield>
</datafield>
<datafield tag="600" ind1="1" ind2="0">
<subfield code="a">Baghawī, al-Ḥusayn ibn Mas‘ūd,</subfield>
<subfield code="d">d. 1117?</subfield>
<subfield code="t">Maṣābīḥ al-sunnah.</subfield>
</datafield>
<datafield tag="650" ind1=" " ind2="0">
<subfield code="a">Manuscripts, Arabic</subfield>
<subfield code="z">Michigan</subfield>
<subfield code="z">Ann Arbor.</subfield>
</datafield>
<datafield tag="650" ind1=" " ind2="0">
<subfield code="a">Hadith</subfield>
<subfield code="v">Texts</subfield>
<subfield code="v">Early works to 1800.</subfield>
</datafield>
<datafield tag="650" ind1=" " ind2="0">
<subfield code="a">Hadith</subfield>
<subfield code="x">Criticism, interpretation, etc.</subfield>
<subfield code="v">Early works to 1800.</subfield>
</datafield>
<datafield tag="650" ind1=" " ind2="0">
<subfield code="a">Hadith</subfield>
<subfield code="v">Commentaries</subfield>
<subfield code="v">Early works to 1800.</subfield>
</datafield>
<datafield tag="700" ind1="0" ind2=" ">
<subfield code="6">880-04</subfield>
<subfield code="a">‘Umar ibn al-Ḥājjī Muḥammad,</subfield>
<subfield code="d">fl. 1721,</subfield>
<subfield code="e">scribe.</subfield>
</datafield>
<datafield tag="773" ind1="0" ind2=" ">
<subfield code="a">Yahuda Collection.</subfield>
</datafield>
<datafield tag="880" ind1="0" ind2=" ">
<subfield code="6">700-04/</subfield>
<subfield code="a">عمر بن الحاجي محمد,</subfield>
<subfield code="e">ناسخ.</subfield>
</datafield>
<datafield tag="880" ind1="1" ind2="0">
<subfield code="6">245-03/</subfield>
<subfield code="a">مجالس الابرار ومسالك الاخيار ومحائق البدع ومقامع الاشرار,</subfield>
<subfield code="f">[1335ه، 1721 او 1722م].</subfield>
</datafield>
<datafield tag="880" ind1="1" ind2=" ">
<subfield code="6">100-01/</subfield>
<subfield code="a">رومي، احمد بن عبد القادر.</subfield>
</datafield>
<datafield tag="CID" ind1=" " ind2=" ">
<subfield code="a">006806667</subfield>
</datafield>
<datafield tag="DAT" ind1="0" ind2=" ">
<subfield code="a">20190802040228.0</subfield>
<subfield code="b">20190802000000.0</subfield>
</datafield>
<datafield tag="DAT" ind1="1" ind2=" ">
<subfield code="a">20190802090505.0</subfield>
<subfield code="b">2019-08-02T16:07:18Z</subfield>
</datafield>
<datafield tag="DAT" ind1="2" ind2=" ">
<subfield code="a">2015-10-02T18:00:03Z</subfield>
</datafield>
<datafield tag="CAT" ind1=" " ind2=" ">
<subfield code="a">SDR-MIU</subfield>
<subfield code="d">EX LIBRIS - ALEPH</subfield>
<subfield code="l">prepare.pl-004-008</subfield>
</datafield>
<datafield tag="FMT" ind1=" " ind2=" ">
<subfield code="a">BK</subfield>
</datafield>
<datafield tag="HOL" ind1=" " ind2=" ">
<subfield code="0">sdr-miu006806667</subfield>
<subfield code="a">MiU</subfield>
<subfield code="b">SDR</subfield>
<subfield code="c">MIU</subfield>
<subfield code="p">mdp.39015079127935</subfield>
<subfield code="s">MIU</subfield>
<subfield code="1">006806667</subfield>
</datafield>
<datafield tag="974" ind1=" " ind2=" ">
<subfield code="b">MIU</subfield>
<subfield code="c">MIU</subfield>
<subfield code="d">20190802</subfield>
<subfield code="s">lit-dlps-dc</subfield>
<subfield code="u">mdp.39015079127935</subfield>
<subfield code="y">1722</subfield>
<subfield code="r">pd</subfield>
<subfield code="q">bib</subfield>
<subfield code="t">non-US bib date2 < 1880</subfield>
</datafield>
</record>
